<record><leader>00000cas a2200000 a 4500</leader><controlfield tag="001">11578574</controlfield><controlfield tag="008">850114d18341858vauwr ne      0    0eng c</controlfield><datafield ind1=" " ind2=" " tag="010"><subfield code="a">sn 85025105 </subfield></datafield><datafield ind1=" " ind2=" " tag="040"><subfield code="a">NPX</subfield><subfield code="b">eng</subfield><subfield code="c">NPX</subfield><subfield code="d">DLC</subfield><subfield code="d">NVK</subfield><subfield code="d">OCL</subfield><subfield code="d">DLC</subfield><subfield code="d">OCLCQ</subfield><subfield code="d">OCLCF</subfield><subfield code="d">OCLCO</subfield></datafield><datafield ind1="1" ind2=" " tag="029"><subfield code="a">AU@</subfield><subfield code="b">000025817552</subfield></datafield><datafield ind1=" " ind2=" " tag="042"><subfield code="a">pcc</subfield></datafield><datafield ind1=" " ind2=" " tag="043"><subfield code="a">n-us-va</subfield></datafield><datafield ind1="0" ind2="0" tag="050"><subfield code="a">Newspaper 10045</subfield></datafield><datafield ind1="0" ind2="0" tag="245"><subfield code="a">Fincastle Democrat.</subfield></datafield><datafield ind1="3" ind2="0" tag="246"><subfield code="a">Fincastle weekly Democrat</subfield></datafield><datafield ind1="3" ind2="0" tag="246"><subfield code="a">Democrat</subfield></datafield><datafield ind1=" " ind2=" " tag="260"><subfield code="a">Fincastle, Va. :</subfield><subfield code="b">Lewis Shanks,</subfield><subfield code="c">1834-</subfield></datafield><datafield ind1=" " ind2=" " tag="300"><subfield code="a">v. ;</subfield><subfield code="c">60 cm.</subfield></datafield><datafield ind1=" " ind2=" " tag="310"><subfield code="a">Weekly</subfield></datafield><datafield ind1="1" ind2=" " tag="362"><subfield code="a">Began with Nov. 14, 1834 issue; ceased in 1858.</subfield><subfield code="z">Cf. Cappon, L.J. Va. newspapers.</subfield></datafield><datafield ind1=" " ind2=" " tag="500"><subfield code="a">Editor: Oliver Callaghan &lt;1841&gt;; John Wilson, &lt;1849&gt;.</subfield></datafield><datafield ind1=" " ind2=" " tag="500"><subfield code="a">Publisher varies: Lewis Shanks, &lt;1834&gt;; Cawthon &amp; Barry, &lt;1835&gt;; Oliver Callaghan, &lt;1841&gt;; Word &amp; Wilson, Sept. 1, 1845-;John Wilson &lt;Sept 1848&gt;-; Wilson &amp; Woodrum &lt;Aug. 1850&gt;-; Jordon Woodrum &lt;Dec. 1850&gt;; S.D. Hopkins &lt;1858&gt;.</subfield></datafield><datafield ind1=" " ind2=" " tag="500"><subfield code="a">Published as the : Fincastle weekly Democrat (Jan. 23, 1852 and May 27, 1853).</subfield></datafield><datafield ind1=" " ind2=" " tag="515"><subfield code="a">Having purchased the "Fincastle Democrat" from O. Callaghan in 1845 the new proprietors began a new volume designation of Vol. 1, no. 1 on Sept. 1, 1845.</subfield></datafield><datafield ind1=" " ind2=" " tag="515"><subfield code="a">Issue for Dec. 21, 1850 called: Vol 1, no. 16.</subfield></datafield><datafield ind1=" " ind2=" " tag="530"><subfield code="a">Available on microfilm from the Library of Virginia.</subfield></datafield><datafield ind1=" " ind2=" " tag="588"><subfield code="a">Description based on: Vol. 1, no. 7 (Dec. 26, 1834).</subfield></datafield><datafield ind1=" " ind2="0" tag="651"><subfield code="a">Fincastle (Va.)</subfield><subfield code="v">Newspapers.</subfield></datafield><datafield ind1=" " ind2="7" tag="655"><subfield code="a">Newspapers.</subfield><subfield code="2">fast</subfield><subfield code="0">(OCoLC)fst01423814</subfield></datafield><datafield ind1=" " ind2="7" tag="651"><subfield code="a">Virginia</subfield><subfield code="z">Fincastle.</subfield><subfield code="2">fast</subfield><subfield code="0">(OCoLC)fst01248271</subfield></datafield><datafield ind1=" " ind2=" " tag="752"><subfield code="a">United States</subfield><subfield code="b">Virginia</subfield><subfield code="c">Botetourt</subfield><subfield code="d">Fincastle.</subfield></datafield><datafield ind1="0" ind2="0" tag="780"><subfield code="t">Virginia patriot (Fincastle, Va.)</subfield><subfield code="w">(DLC)sn 86071589</subfield></datafield></record>